@comment{x-kbibtex-personnameformatting=<%l><, %f>}

@article{chen2012dynamic,
  title={A dynamic buildup growth model for magnetic particle accumulation on single wires in high-gradient magnetic separation},
  author={Chen, Fei and Smith, Kenneth A and Hatton, T Alan},
  journal={AIChE Journal},
  volume={58},
  number={9},
  pages={2865--2874},
  year={2012},
  publisher={Wiley Online Library}
}

@article{choomphon2017simulation,
  title={Simulation of dynamic magnetic particle capture and accumulation around a ferromagnetic wire},
  author={Choomphon-anomakhun, Natthaphon and Ebner, Armin D and Natenapit, Mayuree and Ritter, James A},
  journal={Journal of Magnetism and Magnetic Materials},
  volume={428},
  pages={493--505},
  year={2017},
  publisher={Elsevier}
}

@article{friedlaender1982study,
  title={A study of the mechanisms of particle buildup on single ferromagnetic wires and spheres},
  author={Friedlaender, F and Takayasu, M},
  journal={IEEE Transactions on Magnetics},
  volume={18},
  number={3},
  pages={817--821},
  year={1982},
  publisher={IEEE}
}

@article{magnet2014behavior,
  title={Behavior of nanoparticle clouds around a magnetized microsphere under magnetic and flow fields},
  author={Magnet, C{\'e}cilia and Kuzhir, Pavel and Bossis, Georges and Meunier, Alain and Nave, Sebastien and Zubarev, Andrey and Lomenech, Claire and Bashtovoi, Victor},
  journal={Physical Review E},
  volume={89},
  number={3},
  pages={032310},
  year={2014},
  publisher={APS}
}

@misc{SWB-427138094,
title = {Gerthsen Physik},
series = {Springer-LehrbuchSpringerLink : Bücher},
author = {Meschede, Dieter},
address = {Berlin, Heidelberg},
publisher = {Springer Spektrum},
year = {2015},
edition = {25. Aufl. 2015. Neuauflage 2015},
isbn = {978-366-24597-7-5},
size = {Online-Ressource (XVI, 1052 S. 1330 Abb., 1000 Abb. in Farbe, online resource)},
keywords = {Physik / Lehrbuch ; Mechanics / Thermodynamics / Engineering / Physics},
URL = {http://swbplus.bsz-bw.de/bsz427138094cov.htmhttp://dx.doi.org/10.1007/978-3-662-45977-5},
}
	

@book{SWB-113371071,
title = {Magnetic techniques for the treatment of materials},
author = {Svoboda, Jan},
address = {Dordrecht [u.a.]},
publisher = {Kluwer Academic Publishers},
year = {2004},
isbn = {1-4020-2038-4},
size = {XII, 642 S. : Ill., graph. Darst.},
keywords = { ; Magnetic separation},
note = {Includes index},
bestand = {Karlsruher Institut für Technologie (KIT) - KIT-Bibliothek <90> [Signatur: 2011 A 7604];
Westsächsische Hochschule Zwickau <Zwi 2> [Signatur: 64 208];
},
URL = {http://swbplus.bsz-bw.de/bsz113371071cov.htm ; http://www.gbv.de/dms/goettingen/385476485.pdf},
}	
	
		
		
	















@article{mor_mil_PartI,
  title={Parameterization of cloud microphysics based on the prediction of bulk ice particle properties. Part I: Scheme description and idealized tests},
  author={Morrison, Hugh and Milbrandt, Jason A},
  journal={Journal of the Atmospheric Sciences},
  volume={72},
  number={1},
  pages={287--311},
  year={2015}
}


@article{mor_mil_PartII,
  title={Parameterization of cloud microphysics based on the prediction of bulk ice particle properties. Part II: Case study comparisons with observations and other schemes},
  author={Milbrandt, JA and Bryan, GH and Ikeda, K and Tessendorf, SA and Thompson, G},
  journal={J. Atmos. Sci},
  volume={72},
  pages={312--339},
  year={2015}
}

@article{mor_mil_PartIII,
  title={Parameterization of cloud microphysics based on the prediction of bulk ice particle properties. Part III: Introduction of multiple free categories},
  author={Milbrandt, JA and Morrison, H},
  journal={Journal of the Atmospheric Sciences},
  volume={73},
  number={3},
  pages={975--995},
  year={2016}
}

@article{heinze2016large,
  title={Large-eddy simulations over Germany using ICON: A comprehensive evaluation},
  author={Heinze, Rieke and Dipankar, Anurag and Carbajal Henken, Cintia and Moseley, Christopher and Sourdeval, Odran and Tr{\"o}mel, Silke and Xie, Xinxin and Adamidis, Panos and Ament, Felix and Baars, Holger and others},
  journal={Quarterly Journal of the Royal Meteorological Society},
  year={2016},
  publisher={Wiley Online Library}
}

